<?xml version="1.0" encoding="UTF-8"?><record xmlns="http://www.loc.gov/MARC21/slim" xmlns:cinclude="http://apache.org/cocoon/include/1.0" xmlns:zs="http://www.loc.gov/zing/srw/">
  <leader>00384nz  a2200121n  4500</leader>
  <controlfield tag="001">n 2012029244</controlfield>
  <controlfield tag="003">DLC</controlfield>
  <controlfield tag="005">20120502074942.0</controlfield>
  <controlfield tag="008">120501n| acannaabn          |n aaa      </controlfield>
  <datafield tag="010" ind1=" " ind2=" ">
    <subfield code="a">n 2012029244</subfield>
  </datafield>
  <datafield tag="040" ind1=" " ind2=" ">
    <subfield code="a">DLC</subfield>
    <subfield code="b">eng</subfield>
    <subfield code="c">DLC</subfield>
  </datafield>
  <datafield tag="100" ind1="1" ind2=" ">
    <subfield code="a">Stuart, Leslie,</subfield>
    <subfield code="d">1864-1928.</subfield>
    <subfield code="t">Songs.</subfield>
    <subfield code="k">Selections</subfield>
  </datafield>
  <datafield tag="670" ind1=" " ind2=" ">
    <subfield code="a">Stuart, L. Florodora [SR] p1989:</subfield>
    <subfield code="b">label (piano solos by Leslie Stuart; [originally were songs])</subfield>
  </datafield>
</record>